
@book{inist_tutoriels_2018,
	title = {Tutoriels - {Le} libre accès aux résultats de la recherche dans le cadre d’{Horizon} 2020},
	url = {https://www.inist.fr/tutoriels/le-libre-acces-aux-resultats-de-la-recherche-dans-le-cadre-dhorizon-2020/},
	abstract = {Pour accompagner les équipes de recherche qui soumettent un projet dans le cadre d’Horizon 2020, l’Inist-CNRS propose une série de tutoriels multimédias sur le libre accès aux résultats de la recherche},
	language = {fr},
	urldate = {2019-02-15},
	author = {{INIST} and {CNRS}},
	month = jul,
	year = {2018},
	note = {Publication Title: Inist}
}

@book{beagrie_value_2016,
	title = {The {Value} and {Impact} of the {European} {Bioinformatics} {Institute}},
	author = {Beagrie, Neil and Houghton, John},
	month = jan,
	year = {2016}
}

@book{unil_regles_2016,
	title = {Règles de nommage des fichiers et dossiers},
	url = {https://uniris.unil.ch/researchdata/sujet/organiser/regles-nommage/},
	urldate = {2019-02-15},
	author = {{Unil}},
	month = nov,
	year = {2016}
}

@book{filatre_realiser_2017,
	title = {Réaliser un plan de gestion de données avec {DMP} {OPIDoR}},
	language = {fr},
	urldate = {2019-02-13},
	author = {Filatre, A. and Hensens, H.},
	month = jul,
	year = {2017}
}

@book{linnovation_programme_2016,
	title = {Programme {H2020} - {Lignes} directrices pour la gestion des données {FAIR} dans {Horizon} 2020},
	url = {http://www.donneesdelarecherche.fr/IMG/pdf/lignes-directrices_gestion-donnees-fair_horizon2020_version_3.0_tr-fr.pdf},
	language = {fr},
	urldate = {2016-02-13},
	author = {l’Innovation, COMMISSION EUROPÉENNE-Direction Générale de la Recherche et de},
	month = jul,
	year = {2016}
}

@book{doranum_presentation_2018,
	title = {Presentation de {DMP} opidor},
	url = {https://www.youtube.com/watch?reload=9&v=-CP8QfCg34Q},
	urldate = {2019-02-13},
	author = {{Doranum}},
	month = jul,
	year = {2018}
}

@book{ministere_de_lenseignement_superieur_de_la_recherche_et_de_linnovation_plan_2018,
	title = {Plan natoinal pour la science ouverte},
	url = {https://cache.media.enseignementsup-recherche.gouv.fr/file/Actus/67/2/PLAN_NATIONAL_SCIENCE_OUVERTE_978672.pdf},
	urldate = {2019-03-25},
	author = {{Ministère de l'enseignement supérieur, de la recherche et de l'innovation}},
	month = apr,
	year = {2018}
}

@book{doranum_metadonnees_2017,
	title = {Métadonnées, standards, formats},
	url = {https://doranum.fr/metadonnees-standards-formats/},
	language = {fr-FR},
	urldate = {2019-02-18},
	author = {{DoRANum}},
	month = nov,
	year = {2017}
}

@book{laperdrix_plan_2016,
	title = {Plan de classement et nommage des fichiers numériques},
	url = {http://sieil37.fr/images/Actualites/Sieil/Demat-2016-12-08/cr_atelier_nommage_20170104_VD-web.pdf},
	urldate = {2019-02-15},
	author = {Laperdrix, Marie},
	month = aug,
	year = {2016}
}

@book{marie_claude_quidoz_les_2018,
	address = {Paris},
	title = {Les principes {FAIR} appliqués aux sauvegardes sur le long terme},
	url = {https://gt-donnees2018.sciencesconf.org/data/06_Atelier_Donnees_Sauvegarde_Quidoz.pdf},
	author = {{Marie Claude Quidoz}},
	month = nov,
	year = {2018}
}

@book{roberge_les_2015,
	title = {Les données scientifiques en voie d'extinction},
	url = {/articles/33591},
	abstract = {La recherche scientifique, tout comme des domaines architecturaux ou artistiques, laissent un patrimoine riche qui sert les recherches subséquentes. Or, malheureusement, une étude canadienne a montré qu'annuellement, des données et des recherches se perdent et le phénomène s'étend. Une recherche qui sonne l'alarme.},
	language = {fr},
	urldate = {2019-02-12},
	author = {Roberge, Alexandre},
	month = aug,
	year = {2015},
	note = {Publication Title: Thot Cursus}
}

@book{ministere_de_lenseignement_superieur_de_la_recherche_et_de_linnovation_libre_2014,
	title = {Le libre accès aux publications et aux données de recherche},
	url = {http://www.horizon2020.gouv.fr/cid82025/le-libre-acces-aux-publications-aux-donnees-recherche.html},
	abstract = {Nouveaut\&eacute; du programme Horizon 2020, la Commission europ\&eacute;enne g\&eacute;n\&eacute;ralise l'acc\&egrave;s libre aux publications de recherche et introduit dans certains cas l'acc\&egrave;s libre aux donn\&eacute;es de recherche.},
	language = {fr},
	urldate = {2019-03-25},
	author = {{Ministère de l'enseignement supérieur, de la recherche et de l'innovation}},
	year = {2014},
	note = {Publication Title: Horizon 2020}
}

@book{inra_linra_2016,
	title = {L’{Inra} renforce sa politique de libre accès à ses résultats scientifiques},
	url = {http://presse.inra.fr%2FCommuniques-de-presse%2FInra-charte-libre-acces},
	abstract = {L’Inra vient de publier sa charte pour le libre accès à ses publications et données scientifiques. L’Institut s’est engagé dans cette voie dès 2004 pour ce qui concerne les publications en signant la déclaration de Berlin1.},
	language = {fr},
	urldate = {2019-03-25},
	author = {{INRA}},
	month = oct,
	year = {2016}
}

@book{innovation_h2020_2016,
	title = {H2020 {Programme} {Guidelines} on {FAIR} {Data} {Managementin} {Horizon} 2020},
	url = {http://ec.europa.eu/research/participants/data/ref/h2020/grants_manual/hi/oa_pilot/h2020-hi-oa-data-mgt_en.pdf},
	language = {en},
	urldate = {2019-02-13},
	author = {Innovation, EUROPEAN COMMISSION-Directorate-General for Research \&},
	month = jun,
	year = {2016}
}

@book{aumont_datapartage_2017,
	title = {Datapartage - {Séminaire} {Data} {Papers} - {Contexte} en enjeux pour l'{Inra}},
	url = {https://www6.inra.fr/datapartage/Partager-Publier/Publier-un-Data-Paper/Seminaire-Data-Papers},
	urldate = {2019-02-12},
	author = {Aumont, Gilles},
	month = jun,
	year = {2017}
}

@book{pole_donnees_de_la_recherche_ist_datapartage_2016,
	title = {Datapartage - {Pourquoi}},
	url = {https://www6.inra.fr/datapartage/Gerer/Nommer-et-organiser-ses-fichiers-de-donnees/Pourquoi},
	urldate = {2019-02-15},
	author = {{Pôle Données de la Recherche IST}},
	month = jul,
	year = {2016}
}

@book{ist_datapartage_2018,
	title = {Datapartage - {Les} enjeux pour l'{Inra}},
	url = {https://www6.inra.fr/datapartage/Partager-Publier/Les-enjeux-pour-l-Inra},
	urldate = {2019-02-12},
	author = {IST, Pôle Données de la Recherche},
	month = feb,
	year = {2018}
}

@book{pole_donnees_de_la_recherche_ist_datapartage_2018,
	title = {Datapartage - {Comment}},
	url = {https://www6.inra.fr/datapartage/Gerer/Nommer-et-organiser-ses-fichiers-de-donnees/Comment},
	urldate = {2019-02-15},
	author = {{Pôle Données de la Recherche IST}},
	month = mar,
	year = {2018}
}

@book{arseneau_comment_2015,
	title = {Comment classer vos documents et vos dossiers},
	url = {https://felixarseneau.wordpress.com/2015/05/07/comment-classer-vos-documents-et-vos-dossiers/},
	abstract = {Quelques conseils pour vous aider à créer votre propre système pour ranger vos documents.},
	language = {fr-FR},
	urldate = {2019-02-15},
	author = {Arseneau, Félix},
	month = may,
	year = {2015},
	note = {Publication Title: Trouve qui peut! - S'organiser dans un monde d'information.}
}

@book{inra_charte_2016,
	title = {Charte des infrastructures de recherche de l’{Inra}},
	url = {http://institut.inra.fr%2FReperes%2FDocuments%2FChartes%2FCharte-des-infrastructures-de-recherche-de-l-Inra},
	abstract = {Les infrastructures de recherche sont une force du dispositif scientifique et des éléments clés de la stratégie de l’Inra. La charte de l’institut en la matière s’articule autour de six valeurs : ouverture, partage, transparence, accès aux données, soutenabilité financière et conformité.},
	language = {fr},
	urldate = {2019-03-25},
	author = {{INRA}},
	month = oct,
	year = {2016}
}