
@misc{lelibre,
	title = {Desktop {Operating} {System} {Market} {Share} {France}},
	url = {https://gs.statcounter.com/os-market-share/desktop/france/2019?fbclid=IwAR1tgatuGZquzlon-6pJPKEDxhs72q06goXtyZikAhIpE0o5awL-ay6fG18},
	abstract = {This graph shows the market share of desktop operating systems in France based on over 10 billion monthly page views.},
	language = {en},
	urldate = {2020-05-04},
	journal = {StatCounter Global Stats},
	note = {Library Catalog: gs.statcounter.com},
	file = {Snapshot:C\:\\Users\\Vivien\\Zotero\\storage\\SG6BTERL\\2019.html:text/html}
}

@misc{logiciel2020,
	title = {Logiciel libre},
	copyright = {Creative Commons Attribution-ShareAlike License},
	url = {https://fr.wikipedia.org/w/index.php?title=Logiciel_libre&oldid=169236866},
	language = {fr},
	urldate = {2020-05-04},
	journal = {Wikip√©dia},
	month = apr,
	year = {2020},
	note = {Page Version ID: 169236866},
	file = {Snapshot:C\:\\Users\\Vivien\\Zotero\\storage\\M8FFKQKB\\index.html:text/html}
}