@article{C.Berteletti OPEN,
  title={Fantasmes et réalités actuelles de l'Intelligence Artificielle (IA)},
  author={Cedric Berteletti},
  year={2020},
  publisher={Isaranet}
}