
@book{grolemund_chapter_nodate,
	title = {Chapter 1 {Installation} {\textbar} {R} {Markdown}: {The} {Definitive} {Guide}},
	shorttitle = {Chapter 1 {Installation} {\textbar} {R} {Markdown}},
	url = {https://bookdown.org/yihui/rmarkdown/},
	abstract = {The first official book authored by the core R Markdown developers that provides a comprehensive and accurate reference to the R Markdown ecosystem. With R Markdown, you can easily create reproducible data analysis reports, presentations, dashboards, interactive applications, books, dissertations, websites, and journal articles, while enjoying the simplicity of Markdown and the great power of R and other languages.},
	urldate = {2020-05-04},
	author = {Grolemund, J. J. Allaire, Garrett, Yihui Xie},
	file = {Snapshot:C\:\\Users\\33695\\Zotero\\storage\\IB537CVQ\\installation.html:text/html}
}

@misc{noauthor_tinytex_nodate,
	title = {{TinyTeX} - {Yihui} {Xie} {\textbar}},
	url = {https://yihui.org/tinytex/},
	abstract = {TinyTeX is a custom LaTeX distribution based on TeX Live that is small in size (150Mb on macOS/Linux and 220Mb on Windows) but functions well in most cases, especially for R users. If you run into the \&hellip;},
	language = {en-us},
	urldate = {2020-05-04},
	note = {Library Catalog: yihui.org},
	file = {Snapshot:C\:\\Users\\33695\\Zotero\\storage\\IZ2UDCCC\\tinytex.html:text/html}
}

@misc{xie_yihuitinytex_2020,
	title = {yihui/tinytex},
	url = {https://github.com/yihui/tinytex},
	abstract = {A lightweight, cross-platform, portable, and easy-to-maintain LaTeX distribution based on TeX Live},
	urldate = {2020-05-04},
	author = {Xie, Yihui},
	month = may,
	year = {2020},
	note = {original-date: 2017-11-16T21:24:02Z},
	keywords = {latex, r-package, texlive}
}