
@misc{noauthor_1_nodate,
	title = {\#1 - {Internet}, reprendre le contrôle: 1.3 {C}'est quoi la neutralité du net ?: {La} neutralité du net},
	shorttitle = {\#1 - {Internet}, reprendre le contrôle},
	url = {https://mooc.chatons.org},
	language = {fr},
	urldate = {2020-05-04},
	note = {Library Catalog: mooc.chatons.org},
	file = {Snapshot:C\:\\Users\\pinat\\Zotero\\storage\\YKLIQ3IK\\view.html:text/html}
}

@book{leroy_reseaux_2013,
	edition = {Actes sud},
	series = {Essais sciences humaines et politiques},
	title = {Réseaux sociaux et cie {Le} commerce des données personnelles - broché - {Franck} {Leroy} - {Achat} {Livre} ou ebook {\textbar} fnac},
	isbn = {2-330-01633-6},
	url = {https://livre.fnac.com/a5259345/Franck-Leroy-Reseaux-sociaux-et-cie},
	urldate = {2020-05-04},
	author = {Leroy, Franck},
	month = mar,
	year = {2013},
	file = {Réseaux sociaux et cie Le commerce des données personnelles - broché - Franck Leroy - Achat Livre ou ebook | fnac:C\:\\Users\\pinat\\Zotero\\storage\\WS8RSS6L\\Franck-Leroy-Reseaux-sociaux-et-cie.html:text/html}
}