@misc{framasoft_framasoft_2020,
	title = {Framasoft - {Changer} le monde,un octet à la fois},
	url = {https://framasoft.org/fr/full/},
	abstract = {Framasoft, c’est une association d’éducation populaire, un groupe d’ami·es convaincu·es qu’un monde numérique émancipateur est possible, persuadé·es qu’il adviendra grâce à des actions concrètes sur le terrain et en ligne avec vous et pour vous !},
	language = {fr},
	urldate = {2020-05-04},
	author = {Framasoft},
	year = {2020},
	note = {Library Catalog: framasoft.org},
	file = {Snapshot:/home/ddh/Zotero/storage/PVQJAT4K/full.html:text/html}
}

@misc{guely_definition_2002,
	title = {Définition et historique},
	url = {https://www.futura-sciences.com/tech/dossiers/informatique-logiciels-libres-50/page/2/},
	abstract = {1. Qu'est-ce qu'un logiciel libre ? a. Logiciel Libre L'expression « Logiciel libre » signifie que les utilisateurs du logiciel doivent être libres (sans payer, prévenir qui que ce soit ou...},
	language = {fr},
	urldate = {2020-05-04},
	journal = {Futura},
	author = {GUELY, François},
	year = {2002},
	note = {Library Catalog: www.futura-sciences.com
Section: informatique},
	file = {Snapshot:/home/ddh/Zotero/storage/DIKIZZ5R/2.html:text/html}
}

@misc{guely_avantages_2002,
	title = {Avantages et limitations des logiciels libres},
	url = {https://www.futura-sciences.com/tech/dossiers/informatique-logiciels-libres-50/page/3/},
	abstract = {1. Des avantages bien réels a. Des logiciels de qualité Comme l'a bien mis en évidence l'article la cathédrale et le bazar qui a popularisé le mouvement des logiciels libres, un programmeur qui...},
	language = {fr},
	urldate = {2020-05-04},
	journal = {Futura},
	author = {GUELY, François},
	year = {2002},
	note = {Library Catalog: www.futura-sciences.com
Section: informatique},
	file = {Snapshot:/home/ddh/Zotero/storage/KGLKTF4B/3.html:text/html}
}

@misc{guely_convergence_2002,
	title = {Une convergence d'intérêts porteuse d'opportunités},
	url = {https://www.futura-sciences.com/tech/dossiers/informatique-logiciels-libres-50/page/4/},
	abstract = {1. Une convergence d'intérêts Les logiciels Open Source semblent à première vue de nature caritative. Seront-ils viables économiquement une fois l'effet de mode passé ? Il semble que oui car les...},
	language = {fr},
	urldate = {2020-05-04},
	journal = {Futura},
	author = {GUELY, François},
	year = {2002},
	note = {Library Catalog: www.futura-sciences.com
Section: informatique},
	file = {Snapshot:/home/ddh/Zotero/storage/EX9V4J3K/4.html:text/html}
}

@misc{noauthor_index_2009,
	title = {index :: {Git} {Cheatsheet}},
	url = {https://ndpsoftware.com/git-cheatsheet.html#loc=index;},
	urldate = {2020-05-04},
	author = {CHEATSHEET, Git},
	year = {2009},
	file = {index \:\: Git Cheatsheet:/home/ddh/Zotero/storage/WE6Q4KIK/git-cheatsheet.html:text/html}
}

@misc{noauthor_open_2020,
	title = {The {Open} {Source} {Definition} ({Annotated}) {\textbar} {Open} {Source} {Initiative}},
	url = {https://opensource.org/docs/definition.php?fbclid=IwAR0EOHdko5vvKFsMsxphusnUFM3xZwSrReYbEKicuTVZ3BGWApMCF4m72_4},
	urldate = {2020-05-04},
	author = {Opensource.org},
	year={2020},
	file = {The Open Source Definition (Annotated) | Open Source Initiative:/home/ddh/Zotero/storage/WM7VGIG2/definition.html:text/html}
}

@misc{modification__27062015_2018_quest-ce_2015,
	title = {Qu'est-ce qu'un logiciel libre ? {\textbar} {AFUL}},
	shorttitle = {Qu'est-ce qu'un logiciel libre ?},
	url = {https://aful.org/ressources/logiciel-libre?fbclid=IwAR1A8-EWDlJavBvhQAIiHsaAgcsKXXB9xo5YRkihoomORvAllXSrnNTUkcU},
	language = {fr},
	urldate = {2020-05-04},
	author = {Aful.org},
	year = {2015},
	note = {Library Catalog: aful.org},
	file = {Snapshot:/home/ddh/Zotero/storage/VD4I45IZ/logiciel-libre.html:text/html}
}

@misc{noauthor_cnll_2017,
	title = {{CNLL} {Restitution} de l'{Etude} 2017-2022 sur l'évolution du marché du logiciel libre : {La} {France}, championne d'{Europe} !},
	url = {https://cnll.fr/news/resultats-enquete-annuelle-2017/?fbclid=IwAR2ihm7t6NECLWKlrUluMpt81pOZJE54-CBNKCSQH2wLuRsIAz6KH8b6V64},
	urldate = {2020-05-04},
	author = {cnll.fr},
	year = {2017},
	file = {CNLL Restitution de l'Etude 2017-2022 sur l'évolution du marché du logiciel libre \: La France, championne d'Europe !:/home/ddh/Zotero/storage/TZDRKFJX/resultats-enquete-annuelle-2017.html:text/html}
}

@misc{noauthor_avantages_2020,
	title = {Avantages et inconvénients des logiciels libres},
	url = {http://casteyde.christian.free.fr/system/linux/guide/online/x255.html},
	urldate = {2020-05-04},
	author = {CASTEYDE, Christian},
	year = {2020},
	file = {Avantages et inconvénients des logiciels libres:/home/ddh/Zotero/storage/76ZVVIFE/x255.html:text/html}
}