<!DOCTYPE html PUBLIC "-//W3C//DTD XHTML 1.1//EN" "http://www.w3.org/TR/xhtml11/DTD/xhtml11.dtd">
<html xmlns="http://www.w3.org/1999/xhtml" xml:lang="en">
<head>
<meta http-equiv="Content-Type" content="text/html; charset=utf-8"/>
<title>Bibliographie</title>
</head>
<body>
<div class="csl-bib-body" style="line-height: 1.35; ">
  <div class="csl-entry" style="margin-bottom: 1em;">ANON., 2016. Convert R Markdown to PDF or HTML. In&nbsp;: <i>Earth Data Science - Earth Lab</i> [en&nbsp;ligne]. 6 décembre 2016. [Consulté&nbsp;le&nbsp;4&nbsp;mai&nbsp;2020]. Disponible à l’adresse&nbsp;: <a href="https://www.earthdatascience.org/courses/earth-analytics/document-your-science/knit-rmarkdown-document-to-pdf/">https://www.earthdatascience.org/courses/earth-analytics/document-your-science/knit-rmarkdown-document-to-pdf/</a>. </div>
  <span class="Z3988" title="url_ver=Z39.88-2004&amp;ctx_ver=Z39.88-2004&amp;rfr_id=info%3Asid%2Fzotero.org%3A2&amp;rft_val_fmt=info%3Aofi%2Ffmt%3Akev%3Amtx%3Adc&amp;rft.type=webpage&amp;rft.title=Convert%20R%20Markdown%20to%20PDF%20or%20HTML&amp;rft.description=Knitr%20can%20be%20used%20to%20convert%20R%20Markdown%20files%20to%20different%20formats%2C%20including%20web%20friendly%20formats.%20Learn%20how%20to%20convert%20R%20Markdown%20to%20PDF%20or%20HTML%20in%20RStudio.&amp;rft.identifier=https%3A%2F%2Fwww.earthdatascience.org%2Fcourses%2Fearth-analytics%2Fdocument-your-science%2Fknit-rmarkdown-document-to-pdf%2F&amp;rft.date=2016-12-06&amp;rft.language=en"></span>
  <div class="csl-entry">ROCHETTE, Sébastien, 2017. Rmarkdown avec conditions pour créer des pdf et html en différentes langues et avec des images. In&nbsp;: <i>StatnMap</i> [en&nbsp;ligne]. 11 mars 2017. [Consulté&nbsp;le&nbsp;4&nbsp;mai&nbsp;2020]. Disponible à l’adresse&nbsp;: <a href="https://statnmap.com/fr/2017-03-11-rmarkdown-conditions-pour-creer-pdf-html-differentes-langues-et-images/">https://statnmap.com/fr/2017-03-11-rmarkdown-conditions-pour-creer-pdf-html-differentes-langues-et-images/</a>. </div>
  <span class="Z3988" title="url_ver=Z39.88-2004&amp;ctx_ver=Z39.88-2004&amp;rfr_id=info%3Asid%2Fzotero.org%3A2&amp;rft_val_fmt=info%3Aofi%2Ffmt%3Akev%3Amtx%3Adc&amp;rft.type=webpage&amp;rft.title=Rmarkdown%20avec%20conditions%20pour%20cr%C3%A9er%20des%20pdf%20et%20html%20en%20diff%C3%A9rentes%20langues%20et%20avec%20des%20images&amp;rft.description=%E2%80%9CKnit%E2%80%9D%20avec%20plusieurs%20options%20de%20rendu%20Mes%20documents%20rmarkdown%20sont%20cr%C3%A9%C3%A9s%20en%20diff%C3%A9rentes%20langues%20(fran%C3%A7ais%20et%20anglais).%20Je%20fais%20aussi%20en%20sorte%20que%20le%20rendu%20final%20soit%20similaire%20entre%20une%20sortie%20pdf%20et%20une%20sortie%20html.%20De%20cette%20mani%C3%A8re%2C%20je%20peux%20utiliser%20la%20sortie%20html%20pour%20la%20version%20%C3%A9lectronique%20de%20mes%20formations%20et%20proposer%20une%20version%20papier%20%C3%A0%20partir%20du%20pdf.%20Par%20ailleurs%2C%20j'ai%20aussi%20une%20version%20(partielle)%20des%20codes%20R%20pour%20les%20%C3%A9tudiants%20et%20une%20(qui%20marche)%20pour%20le%20formateur.&amp;rft.identifier=https%3A%2F%2Fstatnmap.com%2Ffr%2F2017-03-11-rmarkdown-conditions-pour-creer-pdf-html-differentes-langues-et-images%2F&amp;rft.aufirst=S%C3%A9bastien&amp;rft.aulast=Rochette&amp;rft.au=S%C3%A9bastien%20Rochette&amp;rft.date=2017-03-11&amp;rft.language=fr"></span>
</div></body>
</html>
