
@online{barnier_r_2020,
	title = {R Markdown : les rapports automatisés},
	url = {https://larmarange.github.io/analyse-R/rmarkdown-les-rapports-automatises.html#options-des-blocs-de-code-r},
	titleaddon = {analyse-R},
	author = {Barnier, Julien and Biaudet, Julien and Briatte, François and Bouchet-Valat, Milan},
	urldate = {2020-05-13},
	date = {2020-04-27},
	file = {R Markdown \: les rapports automatisés:C\:\\Users\\Cha\\Zotero\\storage\\HIW34VQA\\rmarkdown-les-rapports-automatises.html:text/html}
}

@online{r_studio_introduction_2016,
	title = {Introduction},
	url = {https://rmarkdown.rstudio.com/lesson-1.html},
	author = {R Studio},
	urldate = {2020-05-13},
	date = {2016},
	file = {Introduction:C\:\\Users\\Cha\\Zotero\\storage\\XVBAYL9I\\lesson-1.html:text/html}
}

@book{grolemund_r_2020,
	title = {R Markdown: The Definitive Guide},
	url = {https://bookdown.org/yihui/rmarkdown/},
	shorttitle = {R Markdown},
	abstract = {The first official book authored by the core R Markdown developers that provides a comprehensive and accurate reference to the R Markdown ecosystem. With R Markdown, you can easily create reproducible data analysis reports, presentations, dashboards, interactive applications, books, dissertations, websites, and journal articles, while enjoying the simplicity of Markdown and the great power of R and other languages.},
	author = {Grolemund, Garrett and Allaire, J. J. and Xie, Yihui},
	urldate = {2020-05-13},
	date = {2020-04-26},
	file = {Snapshot:C\:\\Users\\Cha\\Zotero\\storage\\6ZUY6NAJ\\rmarkdown.html:text/html}
}